@book{bourier08-statistik,
    author    = "Günther Bourier",
    title     = "Beschreibende Statistik",
    year      = "2008",
    publisher = "Springer Gabler",
    address   = "Statistik, Experimentieren"
}
@book{bourier99-wahrscheinlichkeit,
    author    = "Günther Bourier",
    title     = "Wahrscheinlichkeitsrechnung und schliessende Statistik",
    year      = "1999",
    publisher = "Springer Gabler",
    address   = "Statistik, Wahrscheinlichkeit, Mathematik,"
}
@article{rinkel15-exev-vorlesungen,
    author   = "Andreas Rinkel",
    title    = "ExEv Vorlesung"
}